@article{ohman2001density,
	title={Density-dependent mortality in an oceanic copepod population},
	author={Ohman, M. D. and Hirche, H. J.},
	journal={Nature},
	volume={412},
	number={6847},
	pages={638--641},
	year={2001},
	publisher={Nature Publishing Group UK London},
	doi = {https://doi.org/10.1038/35088068}
}
@article{le2016global,
	title={Global carbon budget 2016},
	author={Qu{\'e}r{\'e}, C. Le and Andrew, R. M. and Canadell, J. G. and Sitch, S. and Korsbakken, J. I. and Peters, G. P. and Manning, A. C. and Boden, T. A. and Tans, P. P. and Houghton, R. A.},
	journal={Earth Syst. Sci. Data},
	volume={8},
	number={2},
	pages={605--649},
	year={2016},
	publisher={Copernicus GmbH},
	doi = {https://doi.org/10.5194/essd-8-605-2016}
}
@article{mooley1984fluctuations,
	title={Fluctuations in all-India summer monsoon rainfall during 1871--1978},
	author={Mooley, D. A. and Parthasarathy, B.},
	journal={Clim. Change},
	volume={6},
	number={3},
	pages={287--301},
	year={1984},
	publisher={Springer},
	doi = {https://doi.org/10.1007/BF00142477}
}
@article{bhalme1987tropical,
	title={Tropical Quasi-Biennial Oscillation of the 10-mb wind and Indian monsoon rainfall-implications for forecasting},
	author={Bhalme, H. N. and Rahalkar, S. S. and Sikder, A. B.},
	journal={J. Climatol.},
	volume={7},
	number={4},
	pages={345--353},
	year={1987},
	publisher={Wiley Online Library},
	doi = {https://doi.org/10.1002/joc.3370070403}
}

@article{meehl2002tropospheric,
	title={The tropospheric biennial oscillation and Asian--Australian monsoon rainfall},
	author={Meehl, G. A. and Arblaster, J. M.},
	journal={J. Clim.},
	volume={15},
	number={7},
	pages={722--744},
	year={2002},
	publisher={American Meteorological Society},
	doi = {https://doi.org/10.1175/1520-0442(2002)015<0722:TTBOAA>2.0.CO;2}
}

@inproceedings{hays2003review,
	title={A review of the adaptive significance and ecosystem consequences of zooplankton diel vertical migrations},
	author={Hays, G. C.},
	booktitle={Migrations and Dispersal of Marine Organisms: Proceedings of the 37 th European Marine Biology Symposium held in Reykjav{\'\i}k, Iceland, 5--9 August 2002},
	pages={163--170},
	year={2003},
	organization={Springer},
	doi = {https://doi.org/10.1007/978-94-017-2276-6_18}
}


@article{ramamurthy1965studies,
	title={Studies on the plankton of the North Kanara coast in relation to the pelagic fishery},
	author={Ramamurthy, S.},
	journal={J. Mar. Biol. Assoc. India},
	volume={7},
	number={1},
	pages={127--149},
	year={1965},
	publisher={MBAI CMFRI},
	url = {http://eprints.cmfri.org.in/id/eprint/894}
}
@article{ryther1966primary,
	title={Primary organic production in relation to the chemistry and hydrography of the Western Indian Ocean},
	author={Ryther, J. H. and Hall, J. R. and Pease, A. K. and Bakun, A. and Jones, M. M.},
	journal={Limnol. and Oceanogr.},
	volume={11},
	number={3},
	pages={371--380},
	year={1966},
	publisher={Wiley Online Library},
		doi = {https://doi.org/10.4319/lo.1966.11.3.0371}
}
@article{qasim1977biological,
	title={Biological productivity of the Indian Ocean},
	author={Qasim, S. Z.},
	year={1977},
	publisher={NISCAIR-CSIR, India},
		doi = {http://nopr.niscpr.res.in/handle/123456789/39365}
}
@article{nair1970primary,
	title={Primary productivity in the Indian seas},
	author={Nair, P. V.},
	journal={CMFRI Bulletin},
	volume={22},
	pages={1--63},
	year={1970},
	publisher={CMFRI},
		url = {http://eprints.cmfri.org.in/id/eprint/610}
}
@article{vijith2016consequences,
	title={Consequences of inhibition of mixed-layer deepening by the West India Coastal Current for winter phytoplankton bloom in the northeastern Arabian Sea},
	author={Vijith, V. and Vinayachandran, P. N. and Thushara, V. and Amol, P. and Shankar, D. and Anil, A. C.},
	journal={J. Geophys. Res. Oceans},
	volume={121},
	number={9},
	pages={6583--6603},
	year={2016},
	publisher={Wiley Online Library},
		doi = {https://doi.org/10.1002/2016JC012004}
}

@article{shetye1991coastal,
	title={The coastal current off western India during the northeast monsoon},
	author={Shetye, S. R. and Gouveia, A. D. and Shenoi, S. S. C. and Michael, G. S. and Sundar, D. and Almeida, A. M. and Santanam, K.},
	journal={Deep Sea Res. Part A. Oceanogr. Res. Pap.},
	volume={38},
	number={12},
	pages={1517--1529},
	year={1991},
	publisher={Elsevier},
	doi = {https://doi.org/10.1016/0198-0149(91)90087-V}
}
@article{anil2021short,
	title={Short term response of plankton community to nutrient enrichment in central eastern Arabian Sea: Elucidation through mesocosm experiments},
	author={Anil, A. C. and Desai, D. V. and Khandeparker, L. and Krishnamurthy, V. and Mapari, K. and Mitbavkar, S. and Patil, J.  S. and Sarma, V. V. S. S. and Sawant, S. S.},
	journal={J. Environ. Manage.},
	volume={288},
	pages={112390},
	year={2021},
	publisher={Elsevier},
	doi = {https://doi.org/10.1016/j.jenvman.2021.112390}
}

@article{shankar1997dynamics,
	title={On the dynamics of the Lakshadweep high and low in the southeastern Arabian Sea},
	author={Shankar, D. and Shetye, S. R.},
	journal={J. Geophys. Res. Oceans},
	volume={102},
	number={C6},
	pages={12551--12562},
	year={1997},
	publisher={Wiley Online Library},
	doi = {https://doi.org/10.1029/97JC00465}
}

@inproceedings{banse1968hydrography,
	title={Hydrography of the Arabian Sea shelf of India and Pakistan and effects on demersal fishes},
	author={Banse, Karl},
	booktitle={Deep Sea Res. Oceanogr. Abstr.},
	volume={15},
	number={1},
	pages={45--79},
	year={1968},
	organization={Elsevier},
	doi = {https://doi.org/10.1016/0011-7471(68)90028-4}
}

@article{mccreary1993numerical,
	title={A numerical investigation of dynamics, thermodynamics and mixed-layer processes in the Indian Ocean},
	author={McCreary, Julian P and Kundu, Pijush K and Molinari, Robert L},
	journal={Prog. Oceanogr.},
	volume={31},
	number={3},
	pages={181--244},
	year={1993},
	publisher={Elsevier},
	doi = {https://doi.org/10.1016/0079-6611(93)90002-U}
}
@article{mccreary2009biophysical,
	title={Biophysical processes in the Indian Ocean},
	author={McCreary, Julian P. and Murtugudde, Raghu and Vialard, Jerome and Vinayachandran, P. N. and Wiggert, Jerry D and Hood, Raleigh R and Shankar, D and Shetye, S. R.},
	journal={Indian Ocean Biogeochem. Processes Ecol. Variab.},
	volume={185},
	pages={9--32},
	year={2009},
	publisher={American Geophysical Union Washington, DC},
	doi = {https://doi.org/10.1029/2008GM000768}
}
@incollection{shetye1998coastal,
	title={Coastal circulation in the north Indian Ocean: Coastal segment (14, SW)},
	author={Shetye, S. R. and Gouveia, A. D.},
	year={1998},
	publisher={John Wiley and Sons, New York, USA},
	url = {https://drs.nio.res.in/drs/handle/2264/1966}
}
@article{shetye1990hydrography,
	title={Hydrography and circulation off the west coast of India during the southwest monsoon 1987},
	author={Shetye, S. R. and Gouveia, A. D. and Shenoi, S. S. C and Sundar, D and Michael, G. S. and Almeida, AM and Santanam, K},
	year={1990},
	url = {https://elischolar.library.yale.edu/journal_of_marine_research/1973 }
}
@article{prasad1996mixed,
	title={Mixed layer depth and thermocline climatology of the Arabian Sea and western equatorial Indian Ocean},
	author={Prasad, TG and Bahulayan, N},
	year={1996},
	publisher={NISCAIR-CSIR, India},
	url = {http://nopr.niscpr.res.in/handle/123456789/37119}
}

@article{shetye19911517,
  title={The coastal current off western India during the northeast monsoon},
  author={Shetye, S. R and Gouveia, A. D and Shenoi, S. S. C and Michael, G. S and Sundar, D and Almeida, A. M and Santanam, K},
  journal={Deep Sea Res. Part A. Oceanogr. Res. Pap.},
  volume={38},
  number={12},
  pages={1517--1529},
  doi = {https://doi.org/10.1016/0198-0149(91)90087-V},
  year={1991},
  publisher={Elsevier},
}


@article{sreenivas2008monthly,
	title={Monthly variability of mixed layer over Arabian Sea using ARGO data},
	author={Sreenivas, Patnaik and Patnaik, K. V. K. R. K and Prasad, K. V. S. R},
	journal={Mar. Geod.},
	volume={31},
	number={1},
	pages={17--38},
	year={2008},
	publisher={Taylor \& Francis},
	doi = {https://doi.org/10.1080/01490410701812311}
}

@article{chaudhuri2021observed,
	title={Observed variability of the West India Coastal Current on the continental shelf from 2010--2017},
	author={Chaudhuri, Anya and Amol, P and Shankar, D and Mukhopadhyay, S and Aparna, S. G and Fernando, V and Kankonkar, A},
	journal={J. Earth Syst. Sci.},
	volume={130},
	pages={1--21},
	year={2021},
	publisher={Springer},
	doi = {https://doi.org/10.1007/s12040-021-01603-4}
}
@article{subrahmanyan1959studiespart1,
	title={Studies on the phytoplankton of the west coast of India},
	author={Subrahmanyan, R},
	journal={Proc. Plant Sci.},
	volume={50},
	number={3},
	pages={113--187},
	year={1959},
	publisher={Springer India},
	url = {https://www.ias.ac.in/public/Volumes/secb/050/03/0113-0187.pdf}
}
@inproceedings{subrahmanyan1959studiespart2,
	title={Studies on the phytoplankton of the west coast of India: Part II. Physical and chemical factors influencing the production of phytoplankton, with remarks on the cycle of nutrients and on the relationship of the phosphate-content to fish landings},
	author={Subrahmanyan, R},
	booktitle={Proceedings/Indian Academy of Sciences},
	volume={50},
	number={4},
	pages={189--252},
	year={1959},
	organization={Springer},
	doi = {https://doi.org/10.1007/BF03051925}
}
@article{subrahmanyan1960studies,
	title={Studies on the phytoplankton of the west coast of India. Part III. Seasonal variation of the phytoplankters and environmental factors},
	author={Subrahmanyan, R and Sarma, A. H},
	journal={Indian J. Fish.},
	volume={7},
	number={2},
	pages={307--336},
	year={1960},
	publisher={Central Marine Fisheries Research Institute, Cochin, India},
	url = {http://eprints.cmfri.org.in/1899/}
}

@article{levy2007basin,
	title={Basin-wide seasonal evolution of the Indian Ocean's phytoplankton blooms},
	author={L{\'e}vy, Marina and Shankar, D and Andr{\'e}, J. M and Shenoi, S. S. C and Durand, Fabien and de Boyer Mont{\'e}gut, Cl{\'e}ment},
	journal={J. Geophys. Res. Oceans},
	volume={112},
	number={C12},
	year={2007},
	publisher={Wiley Online Library},
	doi = {https://doi.org/10.1029/2007JC004090}
}
@article{shankar2016inhibition,
	title={Inhibition of mixed-layer deepening during winter in the northeastern Arabian Sea by the West India Coastal Current},
	author={Shankar, D and Remya, R and Vinayachandran, P. N and Chatterjee, Abhisek and Behera, Ambica},
	journal={Clim. Dyn.},
	volume={47},
	pages={1049--1072},
	year={2016},
	publisher={Springer},
	doi = {https://doi.org/10.1007/s00382-015-2888-3}
}
@article{roy2006spatial,
	title={Spatial variation of phytoplankton pigments along the southwest coast of India},
	author={Roy, Rajdeep and Pratihary, Anil and Gauns, Mangesh  and Naqvi, S. W. A},
	journal={Estuar. Coast. Shelf Sci.},
	volume={69},
	number={1-2},
	pages={189--195},
	year={2006},
	publisher={Elsevier},
	doi = {https://doi.org/10.1016/j.ecss.2006.04.006}
}
@article{hood2017biogeochemical,
	title={Biogeochemical and ecological impacts of boundary currents in the Indian Ocean},
	author={Hood, Raleigh R and Beckley, Lynnath E and Wiggert, Jerry D},
	journal={Prog. Oceanogr.},
	volume={156},
	pages={290--325},
	year={2017},
	publisher={Elsevier},
	doi = {https://doi.org/10.1016/j.pocean.2017.04.011}
}
@article{banse2000geographical,
	title={Geographical differences in seasonality of CZCS-derived phytoplankton pigment in the Arabian Sea for 1978--1986},
	author={Banse, K and English, D. C},
	journal={Deep Sea Res. Part II Top. Stud. Oceanogr.},
	volume={47},
	number={7-8},
	pages={1623--1677},
	year={2000},
	publisher={Elsevier},
	doi = {https://doi.org/10.1016/S0967-0645(99)00157-5}
}
@article{madhupratap1996mechanism,
	title={Mechanism of the biological response to winter cooling in the northeastern Arabian Sea},
	author={Madhupratap, M and Kumar, S Prasanna and Bhattathiri, P. M. A and Kumar, M Dileep and Raghukumar, S and Nair, K. K. C and Ramaiah, N},
	journal={Nature},
	volume={384},
	number={6609},
	pages={549--552},
	year={1996},
	publisher={Nature Publishing Group UK London},
	doi = {https://doi.org/10.1038/384549a0}
}
@article{madhupratap1996lack,
	title={Lack of seasonal and geographic variation in mesozooplankton biomass in the Arabian Sea and its structure in the mixed layer},
	author={Madhupratap, M and Gopalakrishnan, T. C and Haridas, P and Nair, K. K. C and Aravindakshan, P. N and Padmavati, G and Paul, Shiney},
	journal={Curr. Sci.},
	volume={71},
	number={11},
	pages={863--868},
	year={1996},
	doi = {http://drs.nio.org/drs/handle/2264/2154}
}

@article{shetye1992does,
	title={Does winter cooling lead to the subsurface salinity minimum off Saurashtra, India?},
	author={Shetye, S. R and Gouveia, A. D and Shenoi, S. S. C},
	journal={Oceanogr. Indian Ocean},
	pages={617--625},
	year={1992},
	publisher={National Institute of Oceanography, India},
	url = {http://drs.nio.org/drs/bitstream/2264/3139/2/Oceanogr_Indian_Ocean_1992_617.pdf}
}

@article{keerthi2017physical,
	title={Physical control of interannual variations of the winter chlorophyll bloom in the northern Arabian Sea},
	author={Keerthi, Madhavan Girijakumari and Lengaigne, Matthieu and Levy, Marina and Vialard, Jerome and Parvathi, Vallivattathillam and de Boyer Mont{\'e}gut, Cl{\'e}ment and Eth{\'e}, Christian and Aumont, Olivier and Suresh, Iyyappan and Akhil, Valiya Parambil and Muraleedharan, P. M.},
	journal={Biogeosci.},
	volume={14},
	number={15},
	pages={3615--3632},
	year={2017},
	publisher={Copernicus GmbH},
	doi = {https://doi.org/10.5194/bg-14-3615-2017}
}
@article{amol2020modulation,
	title={Modulation of chlorophyll concentration by downwelling Rossby waves during the winter monsoon in the southeastern Arabian Sea},
	author={Amol, P and Bemal, Suchandan and Shankar, D and Jain, V and Thushara, V and Vijith, V and Vinayachandran, P. N.},
	journal={Prog. Oceanogr.},
	volume={186},
	pages={102365},
	year={2020},
	publisher={Elsevier},
	doi = {https://doi.org/10.1016/j.pocean.2020.102365}
}
@article{shankar2019role,
	title={Role of physical processes in determining the nature of fisheries in the eastern Arabian Sea},
	author={Shankar, D and Remya, R and Anil, A. C and Vijith, V},
	journal={Prog. Oceanogr.},
	volume={172},
	pages={124--158},
	year={2019},
	publisher={Elsevier},
	doi = {https://doi.org/10.1016/j.pocean.2018.11.006}
}
@article{li2000determines,
	title={What determines seasonal and interannual variability of phytoplankton and zooplankton in strongly estuarine systems?},
	author={Li, M and Gargett, A and Denman, K},
	journal={Estuar. Coast. Shelf Sci.},
	volume={50},
	number={4},
	pages={467--488},
	year={2000},
	publisher={Elsevier},
	doi = {https://doi.org/10.1006/ecss.2000.0593}
}
@article{rehim2012dynamical,
	title={Dynamical analysis of a delay model of phytoplankton--zooplankton interaction},
	author={Rehim, Mehbuba and Imran, Mudassar},
	journal={Appl. Math. Model.},
	volume={36},
	number={2},
	pages={638--647},
	year={2012},
	publisher={Elsevier},
	doi = {https://doi.org/10.1016/j.apm.2011.07.018}
}
@article{almen2020temperature,
	title={Temperature-related timing of the spring bloom and match between phytoplankton and zooplankton},
	author={Alm{\'e}n, Anna-Karin and Tamelander, Tobias},
	journal={Mar. Biol. Res.},
	volume={16},
	number={8-9},
	pages={674--682},
	year={2020},
	publisher={Taylor \& Francis},
	doi = {https://doi.org/10.1080/17451000.2020.1846201 }
}
@article{winder2004climatic,
	title={Climatic effects on the phenology of lake processes},
	author={Winder, Monika and Schindler, Daniel E},
	journal={Global Change Biol.},
	volume={10},
	number={11},
	pages={1844--1856},
	year={2004},
	publisher={Wiley Online Library},
	doi = {https://doi.org/10.1111/j.1365-2486.2004.00849.x}
}

@article{brock1992interannual,
	title={Interannual variability in phytoplankton blooms observed in the northwestern Arabian Sea during the southwest monsoon},
	author={Brock, John C and McClain, Charles R},
	journal={J. Geophys. Res. Oceans},
	volume={97},
	number={C1},
	pages={733--750},
	year={1992},
	publisher={Wiley Online Library},
	doi = {https://doi.org/10.1029/91JC02225}
}
@article{brock1991phytoplankton,
	title={The phytoplankton bloom in the northwestern Arabian Sea during the southwest monsoon of 1979},
	author={Brock, John C and McClain, Charles R and Luther, Mark E and Hay, William W},
	journal={J. Geophys. Res. Oceans},
	volume={96},
	number={C11},
	pages={20623--20642},
	year={1991},
	publisher={Wiley Online Library},
	doi = {https://doi.org/10.1029/91JC01711}
}
@article{patil1964hydrography,
	title={Hydrography of the west coast of India during the pre-monsoon period of the year 1962},
	author={Patil, M. R and Ramamirtham, C. P and Varma, P Udaya and Nair, C. P},
	journal={J. Mar. Biol. Assoc. India},
	volume={6},
	number={1},
	pages={151--164},
	year={1964},
	publisher={MBAI},
	url = {http://eprints.cmfri.org.in/id/eprint/1024}
}
@article{ramamirtham1965hydrography,
	title={Hydrography of the west coast of India during the pre-monsoon period of the year 1962—part 2: in and offshore waters of the Konkan and Malabar coasts},
	author={Ramamirtham, C. P and Murty, A. V. S},
	journal={J. Mar. Biol. Assoc. India},
	volume={7},
	number={1},
	pages={150--168},
	year={1965},
	publisher={MBAI},
	url = {http://eprints.cmfri.org.in/id/eprint/1579}
}

@article{piontkovski1995spatial,
	title={Spatial heterogeneity, biomass and size structure of plankton of the Indian Ocean: some general trends},
	author={Piontkovski, S. A and Williams, R and Melnik, T. A},
	journal={Mar. Ecol. Prog. Ser.},
	pages={219--227},
	year={1995},
	publisher={JSTOR},
	url = {https://www.jstor.org/stable/44634833}
}
@article{madhupratap1992zooplankton,
	title={Zooplankton of the southwest coast of India: abundance, composition, temporal and spatial variability in 1987},
	author={Madhupratap, M and Haridas, P and Ramaiah, Neelam and Achuthankutty, C. T},
	year={1992},
	publisher={Oxford and IBH, New Delhi},
	doi = {}
}
@article{nair1999arabian,
	title={The Arabian Sea: physical environment, zooplankton and myctophid abundance},
	author={Nair, K. K. C and Madhupratap, M and Gopalakrishnan, T. C and Haridas, P and Gauns, Mangesh},
	year={1999},
	publisher={NISCAIR-CSIR, India},
	doi = {http://nopr.niscpr.res.in/handle/123456789/25690}
}
@article{jyothibabu2010re,
	title={Re-evaluation of ‘paradox of mesozooplankton’in the eastern Arabian Sea based on ship and satellite observations},
	author={Jyothibabu, R and Madhu, N. V and Habeebrehman, H and Jayalakshmy, K. V and Nair, K. K. C and Achuthankutty, C. T},
	journal={J. Mar. Syst.},
	volume={81},
	number={3},
	pages={235--251},
	year={2010},
	publisher={Elsevier},
	doi = {https://doi.org/10.1016/j.jmarsys.2009.12.019}
}
@article{smith1998seasonal,
	title={Seasonal response of zooplankton to monsoonal reversals in the Arabian Sea},
	author={Smith, Sharon and Roman, Michael and Prusova, Irina and Wishner, Karen and Gowing, Marcia and Codispoti, L. A and Barber, Richard and Marra, John and Flagg, Charles},
	journal={Deep Sea Res. Part II Top. Stud. Oceanogr.},
	volume={45},
	number={10-11},
	pages={2369--2403},
	year={1998},
	publisher={Elsevier},
	doi = {https://doi.org/10.1016/S0967-0645(98)00075-7}
}


@article{edvardsen2003assessing,
	title={Assessing zooplankton advection in the Barents Sea using underway measurements and modelling},
	author={Edvardsen, A and Slagstad, D and Tande, K. S and Jaccard, P},
	journal={Fish. Oceanogr.},
	volume={12},
	number={2},
	pages={61--74},
	year={2003},
	publisher={Wiley Online Library},
	doi = {https://doi.org/10.1046/j.1365-2419.2003.00219.x}
}

@article{smith2005mesozooplankton,
	title={Mesozooplankton of the Arabian Sea: patterns influenced by seasons, upwelling, and oxygen concentrations},
	author={Smith, S. L and Madhupratap, M},
	journal={Prog. Oceanogr.},
	volume={65},
	number={2-4},
	pages={214--239},
	year={2005},
	publisher={Elsevier},
	doi = {https://doi.org/10.1016/j.pocean.2005.03.007}
}

@article{jiang2007temporal,
	title={Temporal variability of zooplankton biomass from ADCP backscatter time series data at the Bermuda Testbed Mooring site},
	author={Jiang, Songnian and Dickey, Tommy D and Steinberg, Deborah K and Madin, Laurence P},
	journal={Deep Sea Res. Part I Oceanogr. Res. Pap.},
	volume={54},
	number={4},
	pages={608--636},
	year={2007},
	publisher={Elsevier},
	doi = {https://doi.org/10.1016/j.dsr.2006.12.011}
}
@article{smeti2015spatial,
	title={Spatial and temporal variability of zooplankton off N ew C aledonia (S outhwestern P acific) from acoustics and net measurements},
	author={Smeti, Houssem and Pagano, Marc and Menkes, Christophe and Dhaussy, Anne L and Hunt, Brian P. V and Allain, Valerie and Rodier, Martine and De Boissieu, Florian and Kestenare, Elodie and Sammari, Cherif},
	journal={J. Geophys. Res. Oceans},
	volume={120},
	number={4},
	pages={2676--2700},
	year={2015},
	publisher={Wiley Online Library},
	doi = {https://doi.org/10.1002/2014JC010441}
}
@article{kang2024acoustic,
	title={Acoustic characterization of fish and macroplankton communities in the Seychelles-Chagos Thermocline Ridge of the southwest Indian ocean},
	author={Kang, Myounghee and Oh, Sunyoung and Oh, Wooseok and Kang, Dong-Jin and Nam, SungHyun and Lee, Kyounghoon},
	journal={Deep Sea Res. Part II Top. Stud. Oceanogr.},
	volume={213},
	pages={105356},
	year={2024},
	publisher={Elsevier},
	doi = {https://doi.org/10.1016/j.dsr2.2023.105356}
}
@article{ursella2018evidence,
	title={Evidence of zooplankton vertical migration from continuous Southern Adriatic buoy current-meter records},
	author={Ursella, Laura and Cardin, Vanessa and Batisti{\'c}, Mirna and Gari{\'c}, Rade and Ga{\v{c}}i{\'c}, Miroslav},
	journal={Prog. Oceanogr.},
	volume={167},
	pages={78--96},
	year={2018},
	publisher={Elsevier},
	doi = {https://doi.org/10.1016/j.pocean.2018.07.004}
}

@article{guerra2019zooplankton,
  title={Zooplankton diel vertical migration in the Corsica Channel (north-western Mediterranean Sea) detected by a moored acoustic Doppler current profiler},
  author={Guerra, Davide and Schroeder, Katrin and Borghini, Mireno and Camatti, Elisa and Pansera, Marco and Schroeder, Anna and Sparnocchia, Stefania and Chiggiato, Jacopo},
  journal={Ocean Sci.},
  volume={15},
  number={3},
  pages={631--649},
  year={2019},
  publisher={Copernicus GmbH},
  doi = {https://doi.org/10.5194/os-15-631-2019}
}

@article{cisewski2010seasonal,
  title={Seasonal variation of diel vertical migration of zooplankton from ADCP backscatter time series data in the Lazarev Sea, Antarctica},
  author={Cisewski, Boris and Strass, Volker H and Rhein, Monika and Kr{\"a}gefsky, S{\"o}ren},
  journal={Deep Sea Res. Part I Oceanogr. Res. Pap.},
  volume={57},
  number={1},
  pages={78--94},
  year={2010},
  publisher={Elsevier},
  doi = {https://doi.org/10.1016/j.dsr.2009.10.005}
}
@article{herring1998across,
  title={Across-slope relations between the biological populations, the euphotic zone and the oxygen minimum layer off the coast of Oman during the southwest monsoon (August, 1994)},
  author={Herring, P. J and Fasham, M. J. R and Weeks, A. R and Hemmings, J. C. P and Roe, H. S. J and Pugh, P. R and Holley, S and Crisp, N. A and Angel, M. V},
  journal={Prog. Oceanogr.},
  volume={41},
  number={1},
  pages={69--109},
  year={1998},
  publisher={Elsevier},
  doi = {https://doi.org/10.1016/S0079-6611(98)00019-6}
}
@article{nair1999arabian,
  title={The Arabian Sea: physical environment, zooplankton and myctophid abundance},
  author={Nair, K. K. C and Madhupratap, M and Gopalakrishnan, T. C and Haridas, P and Gauns, Mangesh},
  year={1999},
  publisher={NISCAIR-CSIR, India},
  doi = {http://nopr.niscpr.res.in/handle/123456789/25690}
}
@article{fielding2004biological,
  title={The biological validation of ADCP acoustic backscatter through direct comparison with net samples and model predictions based on acoustic-scattering models},
  author={Fielding, S and Griffiths, G and Roe, H. S. J},
  journal={ICES J. Mar. Sci.},
  volume={61},
  number={2},
  pages={184--200},
  year={2004},
  publisher={Oxford University Press},
  doi = {https://doi.org/10.1016/j.icesjms.2003.10.011}
}

@article{ursella2021diel,
	title={Diel, lunar and seasonal vertical migration in the deep western Gulf of Mexico evidenced from a long-term data series of acoustic backscatter},
	author={Ursella, Laura and Pensieri, Sara and Pall{\`a}s-Sanz, Enric and Herzka, Sharon Z and Bozzano, Roberto and Tenreiro, Miguel and Cardin, Vanessa and Candela, Julio and Sheinbaum, Julio},
	journal={Prog. Oceanogr.},
	volume={195},
	pages={102562},
	year={2021},
	publisher={Elsevier},
	doi = {https://doi.org/10.1016/j.pocean.2021.102562}
}
@article{amol2012observational,
	title={Observational evidence from direct current measurements for propagation of remotely forced waves on the shelf off the west coast of India},
	author={Amol, P and Shankar, D and Aparna, S. G and Shenoi, S. S. C and Fernando, V and Shetye, S. R and Mukherjee, A and Agarvadekar, Y and Khalap, S and Satelkar, N. P},
	journal={J. Geophys. Res. Oceans},
	volume={117},
	number={C5},
	year={2012},
	publisher={Wiley Online Library},
	doi = {https://doi.org/10.1029/2011JC007606}
}

@article{nie2023influence,
	title={The influence of ocean processes on fine-scale changes in the Yellow Sea cold water mass boundary area structure based on acoustic observations},
	author={Nie, Lingyun and Li, Jianchao and Wu, Hao and Zhang, Wenchao and Tian, Yongjun and Liu, Yang and Sun, Peng and Ye, Zhenjiang and Ma, Shuyang and Gao, Qinfeng},
	journal={Rem. Sens.},
	volume={15},
	number={17},
	pages={4272},
	year={2023},
	publisher={MDPI},
	doi = {https://doi.org/10.3390/rs15174272}
}
@article{maheswaran2000upwelling,
	title={Upwelling and associated hydrography along the west coast of India during southwest monsoon, 1999},
	author={Maheswaran, P. A and Rajesh, G and Revichandran, C and Nair, K. K. C},
	year={2000},
	publisher={NIO, Dona Paula, Goa (India)},
	url = {https://agris.fao.org/search/en/providers/122415/records/6473681be17b74d22254bab2}
}

@article{potiris2018acoustic,
	title={Acoustic Doppler current profiler observations of migration patternsof zooplankton in the Cretan Sea},
	author={Potiris, Emmanuel and Frangoulis, Constantin and Kalampokis, Alkiviadis and Ntoumas, Manolis and Pettas, Manos and Petihakis, George and Zervakis, Vassilis},
	journal={Ocean Sci.},
	volume={14},
	number={4},
	pages={783--800},
	year={2018},
	publisher={Copernicus Publications G{\"o}ttingen, Germany},
	doi = {https://doi.org/10.5194/os-14-783-2018}
}
@article{hobbs2021marine,
	title={A marine zooplankton community vertically structured by light across diel to interannual timescales},
	author={Hobbs, Laura and Banas, Neil S and Cohen, Jonathan H and Cottier, Finlo R and Berge, J{\o}rgen and Varpe, {\O}ystein},
	journal={Biol. Lett.},
	volume={17},
	number={2},
	pages={20200810},
	year={2021},
	publisher={The Royal Society},
	doi = {https://doi.org/10.1098/rsbl.2020.0810}
}
@article{liu2022seasonal,
	title={Seasonal variation in diel vertical migration of zooplankton and micronekton in the Andaman Sea observed by a moored ADCP},
	author={Liu, Yanliang and Guo, Jingsong and Xue, Yuhuan and Sangmanee, Chalermrat and Wang, Huiwu and Zhao, Chang and Khokiattiwong, Somkiat and Yu, Weidong},
	journal={Deep Sea Res. Part I Oceanogr. Res. Pap.},
	volume={179},
	pages={103663},
	year={2022},
	publisher={Elsevier},
	doi = {https://doi.org/10.1016/j.dsr.2021.103663}
}
@article{chowdhury2021southwest,
	title={Southwest monsoon-driven changes in the phytoplankton community structure in the central Arabian Sea (2017--2018): After two decades of JGOFS},
	author={Chowdhury, Mintu and Biswas, Haimanti and Mitra, Aditi and Silori, Saumya and Sharma, Diksha and Bandyopadhyay, Debasmita and Shaik, Aziz Ur Rahman and Fernandes, Veronica and Narvekar, Jayu},
	journal={Prog. Oceanogr.},
	volume={197},
	pages={102654},
	year={2021},
	publisher={Elsevier},
	doi = {https://doi.org/10.1016/j.pocean.2021.102654}
}


@article{banse1995zooplankton,
	title={Zooplankton: pivotal role in the control of ocean production: I. Biomass and production},
	author={Banse, Karl},
	journal={ICES J. Mar. Sci.},
	volume={52},
	number={3-4},
	pages={265--277},
	year={1995},
	publisher={Oxford University Press},
	doi = {https://doi.org/10.1016/1054-3139(95)80043-3}
}

@article{espinasse2012austral,
	title={Austral fall- winter transition of mesozooplankton assemblages and krill aggregations in an embayment west of the Antarctic Peninsula},
	author={Espinasse, Boris and Zhou, Meng and Zhu, Yiwu and Hazen, Elliott L and Friedlaender, Ari S and Nowacek, Douglas P and Chu, Dezhang and Carlotti, Francois},
	journal={Mar. Ecol. Prog. Ser.},
	volume={452},
	pages={63--80},
	year={2012},
	doi = {https://doi.org/10.3354/meps09626 }
}

@article{batchelder00981,
  author = {Batchelder, H. P. and VanKeuren, J. R. and Vaillancourt, R. D. and Swift, E.},
  title = {Spatial and temporal distributions of acoustically estimated zooplankton biomass near the marine light‐mixed layers station (59°30'n, 21°00'w) in the north atlantic in may 1991},
  journal = {J. Geophys. Res. Oceans},
  year = {1995},
  volume = {100},
  issue = {C4},
  pages = {6549-6563},
  doi = {10.1029/94jc00981}
}
@article{rippeth1998diur,
  author = {Rippeth, T. P. and Simpson, J. H.},
  title = {Diurnal signals in vertical motions on the hebridean shelf},
  journal = {Limnol. Oceanogr.},
  year = {1998},
  volume = {43},
  issue = {7},
  pages = {1690-1696},
  doi = {10.4319/lo.1998.43.7.1690}
}


@article{lawson2004acoustically,
  title={Acoustically-inferred zooplankton distribution in relation to hydrography west of the Antarctic Peninsula},
  author={Lawson, Gareth L and Wiebe, Peter H and Ashjian, Carin J and Gallager, Scott M and Davis, Cabell S and Warren, Joseph D},
  journal={Deep Sea Res. Part II Top. Stud. Oceanogr.},
  volume={51},
  number={17-19},
  pages={2041--2072},
  year={2004},
  publisher={Elsevier},
	doi = {https://doi.org/10.1016/j.dsr2.2004.07.022}
}

@article{wiebe1990sound,
  title={Sound scattering by live zooplankton and micronekton: empirical studies with a dual-beam acoustical system},
  author={Wiebe, Peter H and Greene, Charles H and Stanton, Timothy K and Burczynski, Janusz},
  journal={The Journal of the Acoustical Society of America},
  volume={88},
  number={5},
  pages={2346--2360},
  year={1990},
  publisher={Acoustical Society of America},
	doi = {https://doi.org/10.1121/1.400077}
}

@article{greene1998three,
  title={Three-dimensional acoustic visualization of zooplankton patchiness},
  author={Greene, Charles H and Wiebe, Peter H and Pelkie, Chris and Benfield, Mark C and Popp, Jacqueline M},
  journal={Deep Sea Res. Part II Top. Stud. Oceanogr.},
  volume={45},
  number={7},
  pages={1201--1217},
  year={1998},
  publisher={Elsevier},
	doi = {https://doi.org/10.1016/S0967-0645(98)00034-4}
}

@article{10.5194/os-15-631-2019,
  author = {Guerra, D. and Schröeder, K. and Borghini, M. and Camatti, E. and Pansera, M. and Schroeder, A. and Sparnocchia, S. and Chiggiato, J.},
  title = {Zooplankton diel vertical migration in the corsica channel (north-western mediterranean sea) detected by a moored  acoustic doppler current profiler},
  journal = {Ocean Sci.},
  year = {2019},
  volume = {15},
  issue = {3},
  pages = {631-649},
  doi = {10.5194/os-15-631-2019}
}
@article{flagg1989use,
  title={On the use of the acoustic Doppler current profiler to measure zooplankton abundance},
  author={Flagg, Charles N and Smith, Sharon L},
  journal={Deep Sea Res. Part A. Oceanogr. Res. Pap.},
  volume={36},
  number={3},
  pages={455--474},
  year={1989},
  publisher={Elsevier},
	doi = {https://doi.org/10.1016/0198-0149(89)90047-2}
}
@article{barraclough1969shallow,
  title={Shallow scattering layer in the subarctic Pacific Ocean: detection by high-frequency echo sounder},
  author={Barraclough, W. E and LeBrasseur, R. J and Kennedy, O. D},
  journal={Science},
  volume={166},
  number={3905},
  pages={611--613},
  year={1969},
  publisher={American Association for the Advancement of Science},
	doi = {https://doi.org/10.1126/science.166.3905.611}
}
@inproceedings{mcnaught1968acoustical,
  title={Acoustical determination of zooplankton distribution},
  author={McNaught, Donald C},
  booktitle={Proc. 11th Conf. Great lakes Res.},
  pages={76--84},
  year={1968},
	doi = {https://doi.org/10.4319/lo.1979.24.2.0226}
}
@phdthesis{pieper1971study,
  title={A study of the relationship between zooplankton and high-frequency scattering of underwater sound},
  author={Pieper, Richard Edward},
  year={1971},
  school={University of British Columbia},
  url = {http://hdl.handle.net/2429/33775}
}
@article{greenlaw1979acoustical,
  title={Acoustical estimation of zooplankton populations 1},
  author={Greenlaw, Charles F},
  journal={Limnol. Oceanogr.},
  volume={24},
  number={2},
  pages={226--242},
  year={1979},
  publisher={Wiley Online Library},
	doi = {https://doi.org/10.4319/lo.1979.24.2.0226}
}


%%%% 
@article{10.1175/jtech-d-13-00207.1,
	author = {Greene, A. D. and Hendricks, P. J. and Gregg, M. C.},
	title = {Using an adcp to estimate turbulent kinetic energy dissipation rate in sheltered coastal waters},
	journal = {J. Atmos. Ocean. Technol.},
	year = {2015},
	volume = {32},
	issue = {2},
	pages = {318-333},
	doi = {10.1175/jtech-d-13-00207.1}
}

@inproceedings{deines1999backscatter,
  title={Backscatter estimation using broadband acoustic Doppler current profilers},
  author={Deines, Kent L},
  booktitle={Proceedings of the IEEE Sixth Working Conference on Current Measurement (Cat. No. 99CH36331)},
  pages={249--253},
  year={1999},
  organization={IEEE},
	doi = {https://doi.org/10.1109/CCM.1999.755249}
}

@article{chatterjee2012new,
	title={A new atlas of temperature and salinity for the North Indian Ocean},
	author={Chatterjee, Abhisek and Shankar, D and Shenoi, S. S. C and Reddy, GV and Michael, G. S. and Ravichandran, M and Gopalkrishna, VV and Rama Rao, EP and Udaya Bhaskar, TVS and Sanjeevan, VN},
	journal={J. Earth Syst. Sci.},
	volume={121},
	pages={559--593},
	year={2012},
	publisher={Springer},
	doi = {https://doi.org/10.1007/s12040-012-0191-9}
}

@inproceedings{mullison2017backscatter,
	title={Backscatter estimation using broadband acoustic doppler current profilers-updated},
	author={Mullison, Jerry},
	booktitle={Proceedings of the ASCE Hydraulic Measurements \& Experimental Methods Conference, Durham, NH, USA},
	pages={9--12},
	year={2017},
	url = {https://www.teledynemarine.com/en-us/support/SiteAssets/RDI/Technical%20Notes/FSA%20Documents/FSA031.pdf}
}
@article{mukherjee2014observed,
  title={Observed seasonal and intraseasonal variability of the East India Coastal Current on the continental slope},
  author={Mukherjee, A and Shankar, D and Fernando, V and Amol, P and Aparna, S. G and Fernandes, R and Michael, G. S. and Khalap, S. T and Satelkar, N. P and Agarvadekar, Y and Gaonkar, M. G. and Tari, A. P. and Kankonkar, A. and Vernekar, S.P.},
  journal={J. Earth Syst. Sci.},
  volume={123},
  number={6},
  pages={1197--1232},
  year={2014},
  publisher={Springer},
	doi = {https://doi.org/10.1007/s12040-014-0471-7}
}
@article{mukhopadhyay2020observed,
  title={Observed variability of the East India Coastal Current on the continental slope during 2009--2018},
  author={Mukhopadhyay, S and Shankar, D and Aparna, S. G and Mukherjee, A and Fernando, V and Kankonkar, A and Khalap, S and Satelkar, N. P and Gaonkar, M. G and Tari, A. P and Khedkar, R. R. and Ghatkar, S.},
  journal={J. Earth Syst. Sci.},
  volume={129},
  pages={1--22},
  year={2020},
  publisher={Springer},
	doi = {https://doi.org/10.1007/s12040-020-1346-8}
}

@article{heywood1991estimation,
	title={Estimation of zooplankton abundance from shipborne ADCP backscatter},
	author={Heywood, Karen J and Howe, S Scrope and Barton, E. D},
	journal={Deep Sea Res. Part A. Oceanogr. Res. Pap.},
	volume={38},
	number={6},
	pages={677--691},
	year={1991},
	publisher={Elsevier},
	doi = {https://doi.org/10.1016/0198-0149(91)90006-2}
}
@article{hamilton2013links,
	title={Links between ocean properties, ice cover, and plankton dynamics on interannual time scales in the Canadian Arctic Archipelago},
	author={Hamilton, James M and Collins, Kate and Prinsenberg, Simon J},
	journal={J. Geophys. Res. Oceans},
	volume={118},
	number={10},
	pages={5625--5639},
	year={2013},
	publisher={Wiley Online Library},
	doi = {https://doi.org/10.1002/jgrc.20382}
}
@article{padmavati1998vertical,
	title={Vertical distribution of mesozooplankton in the central and eastern Arabian Sea during the winter monsoon},
	author={Padmavati, G and Haridas, P and Nair, K. K. C and Gopalakrishnan, T. C and Shiney, P and Madhupratap, M},
	journal={J. Plankton Res.},
	volume={20},
	number={2},
	pages={343--354},
	year={1998},
	publisher={Oxford University Press},
	doi = {https://doi.org/10.1093/plankt/20.2.343}
}
@article{inoue2016diel,
	title={Diel vertical migration of zooplankton at the S 1 biogeochemical mooring revealed from acoustic backscattering strength},
	author={Inoue, Ryuichiro and Kitamura, Minoru and Fujiki, Tetsuichi},
	journal={J. Geophys. Res. Oceans},
	volume={121},
	number={2},
	pages={1031--1050},
	year={2016},
	publisher={Wiley Online Library},
	doi = {https://doi.org/10.1002/2015JC011352}
}
@article{ashjian2002distribution,
	title={Distribution, annual cycle, and vertical migration of acoustically derived biomass in the Arabian Sea during 1994--1995},
	author={Ashjian, Carin J and Smith, Sharon L and Flagg, Charles N and Idrisi, Nasseer},
	journal={Deep Sea Res. Part II Top. Stud. Oceanogr.},
	volume={49},
	number={12},
	pages={2377--2402},
	year={2002},
	publisher={Elsevier},
	doi = {https://doi.org/10.1016/S0967-0645(02)00041-3}
}

@article{friedland2012pathways,
	title={Pathways between primary production and fisheries yields of large marine ecosystems},
	author={Friedland, Kevin D and Stock, Charles and Drinkwater, Kenneth F and Link, Jason S and Leaf, Robert T and Shank, Burton V and Rose, Julie M and Pilskaln, Cynthia H and Fogarty, Michael J},
	journal={PloS one},
	volume={7},
	number={1},
	pages={e28945},
	year={2012},
	publisher={Public Library of Science San Francisco, USA},
	doi = {https://doi.org/10.1371/journal.pone.0028945}
}

@article{madhupratap2001mesozooplankton,
	title={Mesozooplankton biomass, composition and distribution in the Arabian Sea during the fall intermonsoon: implications of oxygen gradients},
	author={Madhupratap, M and Gopalakrishnan, T. C and Haridas, P and Nair, K. K. C},
	journal={Deep Sea Res. Part II Top. Stud. Oceanogr.},
	volume={48},
	number={6-7},
	pages={1345--1368},
	year={2001},
	publisher={Elsevier},
	doi = {https://doi.org/10.1016/S0967-0645(00)00142-9}
}

@article{wishner1998mesozooplankton,
	title={Mesozooplankton biomass in the upper 1000 m in the Arabian Sea: overall seasonal and geographic patterns, and relationship to oxygen gradients},
	author={Wishner, Karen F and Gowing, Marcia M and Gelfman, Celia},
	journal={Deep Sea Res. Part II Top. Stud. Oceanogr.},
	volume={45},
	number={10-11},
	pages={2405--2432},
	year={1998},
	publisher={Elsevier},
	doi = {https://doi.org/10.1016/S0967-0645(98)00078-2}
}
@article{garcia2013oxygen,
	title={Dissolved Oxygen, Apparent Oxygen Utilization, and Oxygen Saturation},
	author={García, H. E. and R. A. Locarnini and T. P. Boyer and J. I. Antonov and A. V. Mishonov and O. K. Baranova and M. M. Zweng and J. R. Reagan and D. R. Johnson},
	journal={NOAA Atlas NESDIS 75},
	volume={3},
	year={2014},
	publisher={NOAA, Washington DC, USA,A. Mishonov, Technical Ed},
	url = {https://data.nodc.noaa.gov/woa/WOA18/DOC/woa18_vol3.pdf}
}
@article{maraun2004cross,
	title={Cross wavelet analysis: significance testing and pitfalls},
	author={Maraun, Douglas and Kurths, J{\"u}rgen},
	journal={Nonlin. Processes Geophys.},
	volume={11},
	number={4},
	pages={505--514},
	year={2004},
	publisher={Copernicus Publications G{\"o}ttingen, Germany},
	doi = {https://doi.org/10.5194/npg-11-505-2004}
}
@article{khandagale2022seasonal,
	title={Seasonal and spatial variability of zooplankton diversity in North Eastern Arabian Sea along the Maharashtra coast},
	author={Khandagale, Punam A and Mhatre, Vaibhav D and Thomas, Sujitha},
	journal={J. Mar. Biol. Assoc. India},
	volume={64},
	number={1},
	pages={25--32},
	year={2022},
	publisher={Marine Biological Association of India, Kochi},
	url = {http://mbai.org.in/php/journaldload.php?id=2618&bkid=128}
}
@article{shi2022phytoplankton,
	title={Phytoplankton biomass dynamics in the Arabian Sea from VIIRS observations},
	author={Shi, Wei and Wang, Menghua},
	journal={J. Mar. Syst.},
	volume={227},
	pages={103670},
	year={2022},
	publisher={Elsevier},
	doi = {https://doi.org/10.1016/j.jmarsys.2021.103670}
}
@article{marra2005jgofs,
	title = {Primary productivity in the Arabian Sea: A synthesis of JGOFS data},
	journal = {Prog. Oceanogr.},
	volume = {65},
	number = {2},
	pages = {159-175},
	year = {2005},
	note = {The Arabian Sea of the 1990s: New Biogeochemical Understanding},
	issn = {0079-6611},
	doi = {https://doi.org/10.1016/j.pocean.2005.03.004},
	author = {John Marra and Richard T. Barber}
}
@article{nethery2007zm,
	title     = {Vertical propagation of baroclinic Kelvin waves along the west coast of India},
	author    = {Nethery, D and Shankar, D},
	journal   = {J. Earth Syst. Sci.},
	publisher = {Springer Science and Business Media LLC},
	volume    =  {116},
	number    =  {4},
	pages     = {331--339},
	month     =  {aug},
	year      =  {2007},
	doi = {https://doi.org/10.1007/s12040-007-0030-6}
}

@article{kidwai2000dd,
	title     = {Zooplankton: pre-southwest and northeast monsoons of 1993 to 1994, from the North Arabian Sea},
	author    = {Kidwai, S and Amjad, S},
	journal   = {Mar. Biol.},
	publisher = {Springer Science and Business Media LLC},
	volume    = {136},
	number    = {3},
	pages     = {561--571},
	month     = {apr},
	year      = {2000},
	doi = {https://doi.org/10.1007/s002270050716}
}
@article{barber2001qn,
	title     = {Primary productivity and its regulation in the Arabian Sea
	during 1995},
	author    = {Barber, Richard T and Marra, John and Bidigare, Robert C and
	Codispoti, Louis A and Halpern, David and Johnson, Zackary and
	Latasa, Mikel and Goericke, Ralf and Smith, Sharon L},
	journal   = {Deep Sea Res. Part 2 Top. Stud. Oceanogr.},
	publisher = {Elsevier BV},
	volume    =  {48},
	number    = {6-7},
	pages     = {1127--1172},
	month     =  {jan},
	year      =  {2001},
	language  = {en},
	doi = {https://doi.org/10.1016/S0967-0645(00)00134-X}
}

@article{longhurst1990gd,
	title     = {Abundance of oil sardine (Sardinella longiceps) and upwelling on
	the southwest coast of India},
	author    = {Longhurst, Alan R and Wooster, Warren S},
	journal   = {Can. J. Fish. Aquat. Sci.},
	publisher = {Canadian Science Publishing},
	volume    = {47},
	number    = {12},
	pages     = {2407--2419},
	month     = {dec},
	year      = {1990},
	language  = {en},
	doi = {https://doi.org/10.1139/f90-268}
}

@article{kim.2018,
	author = "Kim, Jieun and Khim, Boo‐Keun and Ikehara, Minoru and Lee, Jongmin",
	doi = "10.1038/s41598-018-25415-7",
	title = "Orbital-Scale Denitrification Changes in the Eastern Arabian Sea During the Last 800 Kyrs",
	journal = "Sci. Rep.",
	year = "2018",
	doi = ""
}

@article{sudheesh2022omz,
	title = {Oxygen minimum zone along the eastern Arabian Sea: Intra-annual variation and dynamics based on ship-borne studies},
	journal = {Prog. Oceanogr.},
	volume = {201},
	pages = {102742},
	year = {2022},
	issn = {0079-6611},
	doi = {https://doi.org/10.1016/j.pocean.2022.102742},
	author = {V. Sudheesh and G.V.M. Gupta and Yudhishtir Reddy and Kausar F. Bepari and N.V.H.K. Chari and C.K. Sherin and S.S. Shaju and Ch.V. Ramu and Anil Kumar Vijayan},
}
@article{sarma2020potential,
	title={Potential mechanisms responsible for occurrence of core oxygen minimum zone in the north-eastern Arabian Sea},
	author={Sarma, V. V. S. S and Bhaskar, T. V. S Udaya and Kumar, J Pavan and Chakraborty, Kunal},
	journal={Deep Sea Res. Part I Oceanogr. Res. Pap.},
	volume={165},
	pages={103393},
	year={2020},
	publisher={Elsevier},
	doi = {https://doi.org/10.1016/j.dsr.2020.103393}
}
@article{jayakumar.2004,
	author = "Jayakumar, D. A. and Francis, Christopher A. and Naqvi, S.W.A. and Ward, Bess B.",
	doi = "10.3354/ame034069",
	title = "Diversity of Nitrite Reductase Genes (nirS) in the Denitrifying Water Column of the Coastal Arabian Sea",
	journal = "Aquat. Microb. Ecol.",
	year = "2004"
}

@article{prasannakumara2000,
	author = "Kumar, S. Prasanna and Madhupratap, M. and Kumar, M. Dileep and Gauns, Mangesh and Muraleedharan, P. M. and Sarma, V. V. S. S. and Souza, Sílvia Naves de",
	doi = "10.1007/bf02708331",
	title = "Physical Control of Primary Productivity on a Seasonal Scale in Central and Eastern Arabian Sea",
	journal = "J. Earth Syst. Sci.",
	year = "2000"
}
@article{prasannakumara20051848,
	title = {Seasonal variability of the mixed layer in the central Arabian Sea and its implication on nutrients and primary productivity},
	journal = {Deep Sea Res. Part II Top. Stud. Oceanogr.},
	volume = {52},
	number = {14},
	pages = {1848-1861},
	year = {2005},
	note = {Biogeochemical Processes in the Northern Indian Ocean},
	issn = {0967-0645},
	doi = {https://doi.org/10.1016/j.dsr2.2005.06.002},
	author = {Kumar, S. Prasanna and Narvekar, Jayu}
}

@inproceedings{desousa1996seasonal,
	title={Seasonal variability in oxygen and nutrients in the central and eastern Arabian Sea},
	author={DeSousa, S. N and Dileepkumar, M and Sardessai, S and Sarma, V. V. S. S and Shirodkar, P. V},
	year={1996},
	organization={Indian Academy of Sciences},
	doi = {http://drs.nio.org/drs/handle/2264/35}
	
}
@article{schmidt2020seasonal,
	title={Seasonal variability of the Arabian Sea intermediate circulation and its impact on seasonal changes of the upper oxygen minimum zone},
	author={Schmidt, Henrike and Czeschel, Rena and Visbeck, Martin},
	journal={Ocean Sci.},
	volume={16},
	number={6},
	pages={1459--1474},
	year={2020},
	publisher={Copernicus Publications G{\"o}ttingen, Germany},
	doi = {https://doi.org/10.5194/os-16-1459-2020}
}


@article{shi1999remotely,
	title={Remotely sensed features in the US JGOFS Arabian Sea process study},
	author={Shi, Wei and Morrison, John M and B{\"o}hm, Emanuele and Manghnani, Vijayakumar},
	journal={Deep Sea Res. Part II Top. Stud. Oceanogr.},
	volume={46},
	number={8-9},
	pages={1551--1575},
	year={1999},
	publisher={Elsevier},
	doi = {https://doi.org/10.1016/S0967-0645(99)00035-1}
}
@article{morrison1998seasonal,
	title={Seasonal variation of hydrographic and nutrient fields during the US JGOFS Arabian Sea Process Study},
	author={Morrison, John M and Codispoti, LA and Gaurin, S and Jones, Burton and Manghnani, V and Zheng, Z},
	journal={Deep Sea Res. Part II Top. Stud. Oceanogr.},
	volume={45},
	number={10-11},
	pages={2053--2101},
	year={1998},
	publisher={Elsevier},
	doi = {https://doi.org/10.1016/S0967-0645(98)00063-0}
}

@article{ashadevi20101070,
	title = {Seasonal variations and trophic ecology of microzooplankton in the southeastern Arabian Sea},
	journal = {Cont. Shelf Res.},
	volume = {30},
	number = {9},
	pages = {1070-1084},
	year = {2010},
	issn = {0278-4343},
	doi = {https://doi.org/10.1016/j.csr.2010.02.007},
	author = {C. R. {Asha Devi} and R. Jyothibabu and P. Sabu and Josia Jacob and H. Habeebrehman and M. P. Prabhakaran and K. J. Jayalakshmi and C. T. Achuthankutty},
	}

@article{schott20011,
	title = {The monsoon circulation of the Indian Ocean},
	journal = {Prog. Oceanogr.},
	volume = {51},
	number = {1},
	pages = {1-123},
	year = {2001},
	issn = {0079-6611},
	doi = {https://doi.org/10.1016/S0079-6611(01)00083-0},
	author = {Friedrich A. Schott and Julian P. McCreary},
}


@article{bemal2018picophytoplankton,
	title={Picophytoplankton variability: Influence of winter convective mixing and advection in the northeastern Arabian Sea},
	author={Bemal, Suchandan and Anil, Arga Chandrashekar and Shankar, D and Remya, R and Roy, Rajdeep},
	journal={J. Mar. Syst.},
	volume={180},
	pages={37--48},
	year={2018},
	publisher={Elsevier},
	doi = {https://doi.org/10.1029/2001GL013422}
}

@ARTICLE{reckermann1997-kz,
	title     = "Trophic interactions between picophytoplankton and micro- and
	nanozooplankton in the western Arabian Sea during the {NE}
	monsoon 1993",
	author    = "Reckermann, M and Veldhuis, M. J. W",
	journal   = "Aquat. Microb. Ecol.",
	publisher = "Inter-Research Science Center",
	volume    =  12,
	pages     = "263--273",
	year      =  1997,
	doi = {doi:10.3354/ame012263}
}
@INCOLLECTION{landry2009-ti,
	title     = "Grazing processes and secondary production in the Arabian Sea: A
	simple food web synthesis with measurement constraints",
	booktitle = "Indian Ocean Biogeochem. Processes Ecol. Variab.",
	author    = "Landry, Michael R",
	publisher = "American Geophysical Union",
	pages     = "133--146",
	series    = "Geophysical monograph",
	year      =  2009,
	address   = "Washington, D. C.",
	doi = {doi:10.1029/2008GM000781}
}

@ARTICLE{ripple2016-nk,
	title     = "What is a Trophic Cascade?",
	author    = "Ripple, William J and Estes, James A and Schmitz, Oswald J and
	Constant, Vanessa and Kaylor, Matthew J and Lenz, Adam and
	Motley, Jennifer L and Self, Katharine E and Taylor, David S and
	Wolf, Christopher",
	journal   = "Trends Ecol. Evol.",
	publisher = "Elsevier BV",
	volume    =  31,
	number    =  11,
	pages     = "842--849",
	month     =  nov,
	year      =  2016,
	doi = {https://doi.org/10.1016/j.tree.2016.08.010}
}
@incollection{hood2024nutrient,
	title={Nutrient, phytoplankton, and zooplankton variability in the Indian Ocean},
	author={Hood, Raleigh R and Coles, Victoria J and Huggett, Jenny A and Landry, Michael R and Levy, Marina and Moffett, James W and Rixen, Timothy},
	booktitle={The Indian Ocean and its role in the global climate system},
	pages={293--327},
	year={2024},
	publisher={Elsevier},
	doi = {https://doi.org/10.1016/B978-0-12-822698-8.00020-2}
}

% The entry below contains non-ASCII chars that could not be converted
% to a LaTeX equivalent.
@ARTICLE{mukhopadhyay2017st,
	title     = "Observations of the sub-inertial, near-surface East India
	Coastal Current",
	author    = "Mukhopadhyay, S and Shankar, D and Aparna, S. G and Mukherjee, A",
	journal   = "Cont. Shelf Res.",
	publisher = "Elsevier BV",
	volume    =  148,
	pages     = "159--177",
	month     =  sep,
	year      =  2017,
	language  = "en",
	doi = {https://doi.org/10.1016/j.csr.2017.08.020}
}

@article{shankar2002hydrography,
	title={Hydrography of the eastern Arabian Sea during summer monsoon 2002},
	author={Shankar, D and Shenoi, S. S. C and Nayak, R. K and Vinayachandran, P. N and Nampoothiri, G and Almeida, A. M and Michael, G. S and Kumar, M. R Ramesh and Sundar, D and Sreejith, O. P},
	journal={J. Earth Syst. Sci.},
	volume={114},
	pages={459--474},
	year={2005},
	publisher={Springer},
	doi = {https://doi.org/10.1007/BF02702023}
}
@article{shenoi2005hydrography,
	title={Hydrography and water masses in the southeastern Arabian Sea during March--June 2003},
	author={Shenoi, S. S. C and Shankar, D and Michael, G. S. and Kurian, J and Varma, K. K and Kumar, M. R Ramesh and Almeida, A. M and Unnikrishnan, A. S and Fernandes, W and Barreto, N and Gnanaseelan, C. and Mathew, R. and Praju, K. V. and Mahale, V. },
	journal={J. Earth Syst. Sci.},
	volume={114},
	pages={475--491},
	year={2005},
	publisher={Springer},
	doi = {https://doi.org/10.1007/BF02702024}
}
@article{mccreary1996four,
	title={A four-component ecosystem model of biological activity in the Arabian Sea},
	author={McCreary, Julian P and Kohler, Kevin E and Hood, Raleigh R and Olson, Donald B},
	journal={Prog. Oceanogr.},
	volume={37},
	number={3-4},
	pages={193--240},
	year={1996},
	publisher={Elsevier},
	doi = {https://doi.org/10.1016/S0079-6611(96)00005-5}
}
@inproceedings{levy2006quantitative,
	title={A quantitative method for describing the seasonal cycles of surface chlorophyll in the Indian Ocean},
	author={L{\'e}vy, Marina and Andr{\'e}, J-M and Shankar, D and Durand, Fabien and Shenoi, S. S. C},
	booktitle={Rem. Sens. Mar. Environ.},
	volume={6406},
	pages={264--271},
	year={2006},
	organization={SPIE},
	doi = {https://doi.org/10.1117/12.693587}
}
@article{wiggert2005monsoon,
	title={Monsoon-driven biogeochemical processes in the Arabian Sea},
	author={Wiggert, Jerry D and Hood, R. R and Banse, Karl and Kindle, J. C},
	journal={Prog. Oceanogr.},
	volume={65},
	number={2-4},
	pages={176--213},
	year={2005},
	publisher={Elsevier},
	doi = {https://doi.org/10.1016/j.pocean.2005.03.008}
}
@article{raghukumar2003marine,
	title={Marine biodiversity and ecosystem functioning: A perspective},
	author={Raghukumar, Seshagiri and Anil, AC},
	journal={Curr. Sci.},
	volume={84},
	number={7},
	pages={884--892},
	year={2003},
	publisher={JSTOR},
	url = {https://www.jstor.org/stable/24108050}
}

@article{sarkar2019seasonal,
	title={Seasonal variability of sea-surface temperature fronts associated with large marine ecosystems in the north Indian Ocean},
	author={Sarkar, Kankan and Aparna, S. G and Dora, Shrikant and Shankar, D},
	journal={J. Earth Syst. Sci.},
	volume={128},
	number={1},
	pages={20},
	year={2019},
	publisher={Springer},
	doi = {https://doi.org/10.1007/s12040-018-1045-x}
}
@article{sarma2018ecosystem,
	title={Ecosystem response in temperature fronts in the northeastern Arabian Sea},
	author={Sarma, V. V. S. S and Desai, D. V and Patil, J. S and Khandeparker, L and Aparna, S. G and Shankar, D and D'Souza, Selrina and Dalabehera, H. B and Mukherjee, J and Sudharani, P and Sudharani, P. and Anil, A.C.},
	journal={Prog. Oceanogr.},
	volume={165},
	pages={317--331},
	year={2018},
	publisher={Elsevier},
	doi = {https://doi.org/10.1016/j.pocean.2018.02.004}
}
@article{vijith2022circulation,
	title={Circulation in the region of the West India Coastal Current in March 1994 hydrographic and altimeter data},
	author={Vijith, V and Shetye, S. R and Gouveia, A. D and Shenoi, S. S. C and Michael, G. S. and Sundar, D},
	journal={J. Earth Syst. Sci.},
	volume={131},
	number={1},
	pages={16},
	year={2022},
	publisher={Springer},
	doi = {https://doi.org/10.1007/s12040-021-01761-5}
}

@book{lawson2006distribution,
	title={Distribution, patchiness, and behavior of Antarctic zooplankton, assessed using multi-frequency acoustic techniques},
	author={Lawson, Gareth L},
	year={2006},
	publisher={Massachusetts Institute of Technology},
	url = {https://core.ac.uk/download/pdf/4165844.pdf}
}

@article{coyle2000seasonal,
	title={Seasonal differences in the distribution, density and scale of zooplankton patches in the upper mixed layer near the western Aleutian Islands},
	author={Coyle, Kenneth O and  Hunt, George L},
	journal={Plankton Biol. Ecol},
	volume={47},
	number={1},
	pages={31--42},
	year={2000},
	url = {https://www.plankton.jp/PBE/issue/vol47_1/vol47_1_031.pdf}
}

@article{wade2001acoustic,
	title={Acoustic backscatter observations of zooplankton abundance and behaviour and the influence of oceanic fronts in the northeast Atlantic},
	author={Wade, Ian P and Heywood, Karen J},
	journal={Deep Sea Res. Part II Top. Stud. Oceanogr.},
	volume={48},
	number={4-5},
	pages={899--924},
	year={2001},
	publisher={Elsevier},
	doi = {https://doi.org/10.1016/S0967-0645(00)00113-2}
}
@article{napp1996plankton,
	title={The plankton of Shelikof Strait, Alaska: standing stock, production, mesoscale variability and their relevance to larval fish survival},
	author={Napp, Jeffrey M and Incze, Lewis S and Ortner, Peter B and Siefert, Deborah L. W and Britt, Lisa},
	journal={Fish. Oceanogr.},
	volume={5},
	pages={19--38},
	year={1996},
	publisher={Wiley Online Library},
	doi = {https://doi.org/10.1111/j.1365-2419.1996.tb00080.x}
}
@article{folt1999biological,
	title={Biological drivers of zooplankton patchiness},
	author={Folt, Carol L and Burns, Carolyn W},
	journal={Trends Ecol. Evol.},
	volume={14},
	number={8},
	pages={300--305},
	year={1999},
	publisher={Elsevier},
	doi = {https://doi.org/10.1016/S0169-5347(99)01616-X}
}
@article{hitchcock2002zooplankton,
	title={Zooplankton spatial distributions in coastal waters of the northern Arabian Sea, August, 1995},
	author={Hitchcock, Gary L and Lane, Peter and Smith, Sharon and Luo, Jiangang and Ortner, Peter B},
	journal={Deep Sea Res. Part II Top. Stud. Oceanogr.},
	volume={49},
	number={12},
	pages={2403--2423},
	year={2002},
	publisher={Elsevier},
	doi = {https://doi.org/10.1016/S0967-0645(02)00042-5}
}
@article{jadhav2024abundance,
	title={Abundance Distribution Pattern of Zooplankton Associated with the Eastern Arabian Sea Monsoon System as Detected by Underwater Acoustics and Net Sampling},
	author={Jadhav, Shirin J and Smitha, BR},
	journal={Acoust. Aust.},
	pages={1--22},
	year={2024},
	publisher={Springer},
	doi = {https://doi.org/10.1007/s40857-024-00336-w}
}


@article{torrence1998practical,
	title={A practical guide to wavelet analysis},
	author={Torrence, Christopher and Compo, Gilbert P},
	journal={Bull. Am. Meteorol. Soc.},
	volume={79},
	number={1},
	pages={61--78},
	year={1998},
	publisher={American Meteorological Society},
	doi = {https://doi.org/10.1175/1520-0477(1998)079<0061:APGTWA>2.0.CO;2}
}

@article{amol2014observed,
	title={Observed intraseasonal and seasonal variability of the West India Coastal Current on the continental slope},
	author={Amol, P. and Shankar, D. and Fernando, V. and Mukherjee, A. and Aparna, S. G. and Fernandes, R. and Michael, G. S. and Khalap, S. T. and Satelkar, N. P. and Agarvadekar, Y. and Gaonkar, M. G. and Tari, A. P. and Kankonkar, A. and Vernekar, S.P.},
	journal={J. Earth Syst. Sci.},
	volume={123},
	number={5},
	pages={1045--1074},
	year={2014},
	publisher={Springer},
	doi = {https://doi.org/10.1007/s12040-014-0449-5}
}

@article{chaudhuri2020observed,
	title={Observed variability of the West India Coastal Current on the continental slope from 2009--2018},
	author={Chaudhuri, Anya and Shankar, D. and Aparna, S. G. and Amol, P. and Fernando, V. and Kankonkar, A. and Michael, G. S. and Satelkar, N. P. and Khalap, S. T. and Tari, A. P. and Gaonkar, M. G. and Ghatkar, S. and Khedekar, R. R.},
	journal={J. Earth Syst. Sci.},
	volume={129},
	number={1},
	pages={57},
	year={2020},
	publisher={Springer},
	doi = {https://doi.org/10.1007/s12040-019-1322-3}
}

@article{jensen2001arabian,
	title={Arabian Sea and Bay of Bengal exchange of salt and tracers in an ocean model},
	author={Jensen, Tommy G},
	journal={Geophys. Res. Lett.},
	volume={28},
	number={20},
	pages={3967--3970},
	year={2001},
	publisher={Wiley Online Library},
	doi = {https://doi.org/10.1029/2001GL013422}
}

@article{maraun2004cross,
	title={Cross wavelet analysis: significance testing and pitfalls},
	author={Maraun, Douglas and Kurths, J{\"u}rgen},
	journal={Nonlin. Processes Geophys.},
	volume={11},
	number={4},
	pages={505--514},
	year={2004},
	publisher={Copernicus Publications G{\"o}ttingen, Germany},
	doi = {https://doi.org/10.5194/npg-11-505-2004}
}
@article{duchon1979lanczos,
	title={Lanczos filtering in one and two dimensions},
	author={Duchon, Claude E},
	journal={J. Appl. Meteorol. Climatol.},
	volume={18},
	number={8},
	pages={1016--1022},
	year={1979},
	doi = {https://doi.org/10.1175/1520-0450(1979)018<1016:LFIOAT>2.0.CO;2}
}

@article{aparna2022seasonal,
	title={Seasonal cycle of zooplankton standing stock inferred from ADCP backscatter measurements in the eastern Arabian Sea},
	author={Aparna, S. G. and Desai, D. V and Shankar, D and Anil, A. C and Dora, Shrikant and Khedekar, R. R.},
	journal={Prog. Oceanogr.},
	volume={203},
	pages={102766},
	year={2022},
	publisher={Elsevier},
	doi = {https://doi.org/10.1016/j.pocean.2022.102766}
}
